<record><leader>00000cas a22000007a 4500</leader><controlfield tag="001">10941702</controlfield><controlfield tag="008">840712u1983uuuunmuer ne      0    0eng d</controlfield><datafield ind1=" " ind2=" " tag="010"><subfield code="a">sn 95070595 </subfield></datafield><datafield ind1=" " ind2=" " tag="040"><subfield code="a">DPL</subfield><subfield code="b">eng</subfield><subfield code="c">DPL</subfield><subfield code="d">OCL</subfield><subfield code="d">NVM</subfield><subfield code="d">OCLCQ</subfield><subfield code="d">OCLCF</subfield><subfield code="d">OCLCO</subfield></datafield><datafield ind1="1" ind2=" " tag="029"><subfield code="a">AU@</subfield><subfield code="b">000024694317</subfield></datafield><datafield ind1=" " ind2=" " tag="042"><subfield code="a">msc</subfield></datafield><datafield ind1=" " ind2=" " tag="043"><subfield code="a">n-us-nm</subfield></datafield><datafield ind1="0" ind2=" " tag="130"><subfield code="a">Cimarron news (Cimarron, N.M. : 1983)</subfield></datafield><datafield ind1="0" ind2="0" tag="245"><subfield code="a">Cimarron news.</subfield></datafield><datafield ind1=" " ind2=" " tag="260"><subfield code="a">Cimarron, N.M. :</subfield><subfield code="b">The Springer News-Bulletin</subfield></datafield><datafield ind1=" " ind2=" " tag="300"><subfield code="a">v.</subfield></datafield><datafield ind1=" " ind2=" " tag="310"><subfield code="a">Weekly</subfield></datafield><datafield ind1="0" ind2=" " tag="362"><subfield code="a">Vol. 1, no. 1 (Mar. 4, 1983)-</subfield></datafield><datafield ind1=" " ind2=" " tag="580"><subfield code="a">Issued every other week as a supplement to the Springer-news bulletin.</subfield></datafield><datafield ind1=" " ind2="0" tag="651"><subfield code="a">Cimarron (N.M.)</subfield><subfield code="v">Newspapers.</subfield></datafield><datafield ind1=" " ind2="0" tag="651"><subfield code="a">Colfax County (N.M.)</subfield><subfield code="v">Newspapers.</subfield></datafield><datafield ind1=" " ind2="7" tag="655"><subfield code="a">Newspapers.</subfield><subfield code="2">fast</subfield><subfield code="0">(OCoLC)fst01423814</subfield></datafield><datafield ind1=" " ind2="7" tag="651"><subfield code="a">New Mexico</subfield><subfield code="z">Cimarron.</subfield><subfield code="2">fast</subfield><subfield code="0">(OCoLC)fst01283738</subfield></datafield><datafield ind1=" " ind2="7" tag="651"><subfield code="a">New Mexico</subfield><subfield code="z">Colfax County.</subfield><subfield code="2">fast</subfield><subfield code="0">(OCoLC)fst01217271</subfield></datafield><datafield ind1=" " ind2=" " tag="752"><subfield code="a">United States</subfield><subfield code="b">New Mexico</subfield><subfield code="c">Colfax</subfield><subfield code="d">Cimarron.</subfield></datafield><datafield ind1="1" ind2=" " tag="777"><subfield code="t">Springer news-bulletin</subfield><subfield code="w">(DLC)sn 92070701</subfield></datafield></record>